<?xml version="1.0" encoding="UTF-8"?><collection xmlns="http://www.loc.gov/MARC21/slim"><record><leader>00346nam--2200133-i-4500</leader><controlfield tag="001">000024250</controlfield><controlfield tag="002">20161230</controlfield><controlfield tag="005">20161230201035</controlfield><controlfield tag="008">060222s1000------------r-----000-0-eng-d</controlfield><datafield ind1=" " ind2=" " tag="080"><subfield code="a">620.179.16(061.3)</subfield></datafield><datafield ind1=" " ind2=" " tag="245"><subfield code="a">New procedures in nondestructive testing</subfield></datafield><datafield ind1=" " ind2=" " tag="260"><subfield code="a">Berlin, Springer-verlag, 1983, Xxii + 604p</subfield></datafield><datafield ind1=" " ind2=" " tag="700"><subfield code="a">Holler P</subfield></datafield><datafield ind1=" " ind2=" " tag="852"><subfield code="a">71233</subfield></datafield></record></collection>